<record><leader>00000cas a2200000 a 4500</leader><controlfield tag="001">22255482</controlfield><controlfield tag="008">900822d192319uuctu x ne      0    0spa c</controlfield><datafield ind1=" " ind2=" " tag="010"><subfield code="a">sn 90070199 </subfield></datafield><datafield ind1=" " ind2=" " tag="040"><subfield code="a">PNN</subfield><subfield code="b">eng</subfield><subfield code="c">PNN</subfield><subfield code="d">IXA</subfield><subfield code="d">OCLCQ</subfield><subfield code="d">OCLCF</subfield><subfield code="d">OCLCO</subfield></datafield><datafield ind1="1" ind2=" " tag="029"><subfield code="a">AU@</subfield><subfield code="b">000025881250</subfield></datafield><datafield ind1=" " ind2=" " tag="042"><subfield code="a">pcc</subfield></datafield><datafield ind1=" " ind2=" " tag="043"><subfield code="a">cl-----</subfield></datafield><datafield ind1=" " ind2=" " tag="090"><subfield code="a">AP63</subfield><subfield code="b">.H47</subfield></datafield><datafield ind1="0" ind2="3" tag="245"><subfield code="a">El heraldo latino.</subfield></datafield><datafield ind1=" " ind2=" " tag="260"><subfield code="a">Nueva York :</subfield><subfield code="b">Richards Dyspepsia Tablet Association</subfield></datafield><datafield ind1=" " ind2=" " tag="300"><subfield code="a">v. :</subfield><subfield code="b">ill. ;</subfield><subfield code="c">45 cm.</subfield></datafield><datafield ind1=" " ind2=" " tag="310"><subfield code="a">Irregular</subfield></datafield><datafield ind1="1" ind2=" " tag="362"><subfield code="a">Began in 1923?</subfield></datafield><datafield ind1=" " ind2=" " tag="500"><subfield code="a">Issued by: Heraldo Latino Publishing Co., in South Norwalk, Conn., &lt;1932-&gt;</subfield></datafield><datafield ind1=" " ind2=" " tag="588"><subfield code="a">Description based on: An&#771;o 3, T. 1 (1925).</subfield></datafield><datafield ind1=" " ind2=" " tag="588"><subfield code="a">Latest issue consulted: 1932.</subfield></datafield><datafield ind1=" " ind2="0" tag="651"><subfield code="a">Latin America</subfield><subfield code="v">Newspapers.</subfield></datafield><datafield ind1=" " ind2="7" tag="655"><subfield code="a">Newspapers.</subfield><subfield code="2">fast</subfield><subfield code="0">(OCoLC)fst01423814</subfield></datafield><datafield ind1=" " ind2="7" tag="651"><subfield code="a">Latin America.</subfield><subfield code="2">fast</subfield><subfield code="0">(OCoLC)fst01245945</subfield></datafield><datafield ind1=" " ind2=" " tag="752"><subfield code="a">United States</subfield><subfield code="b">New York</subfield><subfield code="c">New York</subfield><subfield code="d">New York.</subfield></datafield></record>